%% This BibTeX bibliography file was created using BibDesk.
%% http://www.cs.ucsd.edu/~mmccrack/bibdesk.html


%% Created for Andreas Wurl at 2005-01-09 12:33:34 +0100 



@book{Ashcroft,
	Address = {Philadelphia},
	Author = {Ashcroft, N. W. and Mermin, N. D.},
	Language = {English},
	Publisher = {Saunders College},
	Title = {{S}olid {S}tate {P}hysics},
	Year = {1976}}

@mastersthesis{voss,
	Author = {Voss, J.},
	Local-Url = {/Users/andi/diss/andere/Johannes{\%}20Voss{\%}20(2003).pdf},
	School = {Universit{\"a}t Konstanz},
	Title = {{H}igh-frequency measurements of two-dimensional electron systems on $^4${H}e-films},
	Type = {Diplomarbeit},
	Year = {2003}}

@book{Gerthsen,
	Address = {Berlin},
	Author = {Gerthsen, C. and Vogel, H.},
	Edition = {17.},
	Kopie = {+},
	Language = {German},
	Publisher = {Springer-Verlag},
	Title = {Physik},
	Year = {1993}}

@book{Hak93a,
	Address = {Berlin},
	Author = {Haken, H. and Wolf, H.~C.},
	Date-Modified = {2005-01-09 12:33:27 +0100},
	Edition = {5.},
	Language = {German},
	Publisher = {Springer Verlag},
	Title = {Atom- und Quantenphysik},
	Year = {1993}}

@book{Hak93b,
	Address = {Berlin},
	Author = {Haken, H. and Wolf, H.~C.},
	Date-Modified = {2005-01-09 12:33:18 +0100},
	Edition = {2.},
	Language = {German},
	Publisher = {Springer Verlag},
	Title = {Molek{\"u}lphysik und Quantenchemie},
	Year = {1993}}

@book{Pob92,
	Address = {Berlin},
	Author = {Pobell, F.},
	Edition = {Springer Textbook},
	Kopie = {+},
	Language = {English},
	Page = {319},
	Publisher = {Springer Verlag},
	Refby = {-},
	Title = {Matters and Methods at Low Temperatures},
	Ubtnr = {17 UP 2300 P 739},
	Year = {1992}}

@phdthesis{lehndorff,
	Author = {Lehndorff, Beate},
	Language = {German},
	School = {{U}niversit{\"a}t Konstanz},
	Title = {{H}ochfrequenzuntersuchungen am zweidimensionalen {E}lektronensystem auf einem {H}eliumfilm},
	Type = {Dissertation},
	Year = {1994}}

@phdthesis{guenzler,
	Author = {G{\"u}nzler, Tobias},
	Language = {German},
	School = {{U}niversit{\"a}t Konstanz},
	Title = {{H}ochfrequenzuntersuchungen am zweidimensionalen {E}lektronensystem auf einem {H}eliumfilm},
	Type = {Dissertation},
	Year = {1994}}

@phdthesis{ekkehard,
	Author = {Teske, Ekkehard},
	Language = {English},
	School = {{U}niversit{\"a}t Konstanz},
	Title = {{C}oulomb effects in magnetotransport of a nondegenerate two-dimensional electron system},
	Type = {Dissertation},
	Year = {2004}}

@mastersthesis{bitnar,
	Author = {Bitnar, Bernd},
	Language = {German},
	School = {{U}niversit{\"a}t {K}onstanz},
	Title = {{Z}weidimensionale {E}lektronensysteme h{\"o}chster {D}ichten auf {H}eliumfilmen},
	Type = {Diplomarbeit},
	Year = {1995}}

@mastersthesis{uli,
	Author = {Moosbrugger, Ulrich},
	Language = {German},
	School = {{U}niversit{\"a}t Konstanz},
	Title = {{N}iedrigdimensionale {E}lektronensysteme auf mesoskopischen {O}berflchen},
	Type = {Diplomarbeit},
	Year = {2000}}

@mastersthesis{neser,
	Author = {Stefan Neser},
	Keywords = {electrons thin helium-films microwave},
	Language = {German},
	School = {Universit{\"a}t Konstanz},
	Title = {{Z}weidimensionales {E}lektronengas auf d{\"u}nnen {H}eliumfilmen: {L}eitf{\"a}higkeit im {GH}z-{B}ereich und {K}orrelationsph{\"a}nomene},
	Year = {1993}}
