%% This BibTeX bibliography file was created using BibDesk.
%% http://www.cs.ucsd.edu/~mmccrack/bibdesk.html


%% Created for Andreas Wurl at 2002-08-20 23:58:44 +0200 



@misc{mistura,
	Year = {1999},
	Title = {unver\"offentliche {M}essungen},
	Language = {english},
	Author = {Mistura, G.}}
	
@misc{kimitoshi,
	Year = {1999},
	Title = {pers\"onliche {M}itteilung},
	Language = {english},
	Author = {Kono, K.}}
	
@misc{girgl,
	Year = {1998},
	Title = {pers\"onliche {M}itteilung},
	Language = {english},
	Author = {Eska, G.}}
